
@book{crosby1996quality,
	title={Quality is still free: making quality certain in uncertain times},
	author={Crosby, Philip B},
	year={1996},
	publisher={McGraw-Hill Companies}
}