@inproceedings{UB-QC-CC,
  title={Quality control for real-time ubiquitous crowdsourcing},
  author={Mashhadi, Afra J and Capra, Licia},
  booktitle={Proceedings of the 2nd international workshop on Ubiquitous crowdsouring},
  pages={5--8},
  year={2011},
  organization={ACM}
}

@article{QC-CC,
  title={Quality control in crowdsourcing systems: Issues and directions},
  author={Allahbakhsh, Mohammad and Benatallah, Boualem and Ignjatovic, Aleksandar and Motahari-Nezhad, Hamid Reza and Bertino, Elisa and Dustdar, Schahram},
  journal={IEEE Internet Computing},
  volume={17},
  number={2},
  pages={76--81},
  year={2013},
  publisher={IEEE}
}
